% This file was created with JabRef 2.10.
% Encoding: ISO8859_1


@Article{mice13,
  Title                    = {{AutoTune:} A Plugin-Driven Approach to the Automatic Tuning of Parallel Applications},
  Author                   = {R. Miceli et. al.},
  Journal                  = {Applied Parallel and Scientific Computing. {PARA 2012}. Lecture Notes in Computer Science},
  Year                     = {2013},
  Pages                    = {328--342},
  Volume                   = {7782},

  Doi                      = {10.1007/978-3-642-36803-5_24},
  Owner                    = {srelton},
  Timestamp                = {2017.03.27}
}

@Article{addh09,
  Title                    = {Numerical linear algebra on emerging architectures: The {PLASMA} and {MAGMA} projects},
  Author                   = {Emmanuel Agullo and Jim Demmel and Jack Dongarra and Bilel Hadri and Jakub Kurzak and Julien Langou and Hatem Ltaief and Piotr
Luszczek and Stanimire Tomov},
  Journal                  = {Journal of Physics: Conference Series},
  Year                     = {2009},
  Number                   = {1},
  Volume                   = {180},

  Doi                      = {10.1088/1742-6596/180/1/012037}
}

@InProceedings{ansel:pact:2014,
  Title                    = {OpenTuner: An Extensible Framework for Program Autotuning},
  Author                   = {Jason Ansel and Shoaib Kamil and Kalyan Veeramachaneni and Jonathan Ragan-Kelley and Jeffrey Bosboom and Una-May O'Reilly and Saman Amarasinghe},
  Booktitle                = {International Conference on Parallel Architectures and Compilation Techniques},
  Year                     = {2014},

  Address                  = {Edmonton, Canada},
  Month                    = {August},

  Keywords                 = {OpenTuner},
  Slides                   = {http://groups.csail.mit.edu/commit/papers/2014/ansel-pact14-opentuner-slides.pdf},
  Url                      = {http://groups.csail.mit.edu/commit/papers/2014/ansel-pact14-opentuner.pdf}
}

@InBook{ptf14,
  Title                    = {Tools for High Performance Computing},
  Author                   = {Y. Oleynik and R. Mijakobi\'{c} and I. A. Compr\'{e}s Ure{\~n}a and M. Firbach and M. Gerndt},
  Chapter                  = {Recent Advances in Periscope for Performance Analysis and Tuning},
  Editor                   = {A. Knüpfer and J. Gracia and W. Nagel and M. Resch},
  Pages                    = {39--51},
  Publisher                = {Springer},
  Year                     = {2014},

  Doi                      = {10.1007/978-3-319-08144-1_4},
  Owner                    = {srelton},
  Timestamp                = {2017.03.27}
}

@misc{ierusalimschy2006lua,
  title =        {Lua 5.1 reference manual},
  author =       {Ierusalimschy, Roberto and De Figueiredo, Luiz
                  Henrique and Celes, Waldemar},
  year =         {2006}
}


@article{ayguade2009design,
  title =        {The design of OpenMP tasks},
  author =       {Ayguad{\'e}, Eduard and Copty, Nawal and Duran,
                  Alejandro and Hoeflinger, Jay and Lin, Yuan and
                  Massaioli, Federico and Teruel, Xavier and
                  Unnikrishnan, Priya and Zhang, Guansong},
  journal =      {IEEE Transactions on Parallel and Distributed
                  Systems},
  volume =       {20},
  number =       {3},
  pages =        {404--418},
  year =         {2009},
  publisher =    {IEEE}
}

@Article{AugThiNamWac11CCPE,
author = {C{\'e}dric Augonnet and Samuel Thibault and Raymond Namyst and Pierre-Andr{\'e} Wacrenier},
title = {{StarPU: A Unified Platform for Task Scheduling on Heterogeneous Multicore Architectures}},
journal = {Concurrency and Computation: Practice and Experience, Special Issue: Euro-Par 2009},
volume = 23,
issue = 2,
pages = {187--198},
year = 2011,
month = FEB,
publisher = {John Wiley & Sons, Ltd.},
doi = {10.1002/cpe.1631},
url = {http://hal.inria.fr/inria-00550877},
KEYWORDS = {General Presentations,StarPU}
}

@article{bosilca2013parsec,
  title =        {PaRSEC: Exploiting heterogeneity to enhance
                  scalability},
  author =       {Bosilca, George and Bouteiller, Aurelien and
                  Danalis, Anthony and Faverge, Mathieu and
                  H{\'e}rault, Thomas and Dongarra, Jack J},
  journal =      {Computing in Science \& Engineering},
  volume =       {15},
  number =       {6},
  pages =        {36--45},
  year =         {2013},
  publisher =    {IEEE}
}

@book{seal2001arm,
  title =        {ARM architecture reference manual},
  author =       {Seal, David},
  year =         {2001},
  publisher =    {Pearson Education}
}

@InProceedings{armhpc16,
  Title                    = {Efficiency Modeling and Analysis of 64-bit {ARM} Clusters for {HPC}},
  Author                   = {J. Weloli and S. Bilavarn and S. Derradji and C. Belleudy and S. Lesmanne},
  Booktitle                = {Digital System Design (DSD)},
  Year                     = {2016},

  Doi                      = {10.1109/DSD.2016.74},
  Owner                    = {srelton},
  Timestamp                = {2017.04.13}
}
