% This file was created with JabRef 2.10.
% Encoding: ISO8859_1


@Article{addh09,
  Title                    = {Numerical linear algebra on emerging architectures: The {PLASMA} and {MAGMA} projects},
  Author                   = {Emmanuel Agullo and Jim Demmel and Jack Dongarra and Bilel Hadri and Jakub Kurzak and Julien Langou and Hatem Ltaief and Piotr
Luszczek and Stanimire Tomov},
  Journal                  = {Journal of Physics: Conference Series},
  Year                     = {2009},
  Number                   = {1},
  Volume                   = {180},

  Doi                      = {10.1088/1742-6596/180/1/012037}
}

@Book{lug99,
  Title                    = {{LAPACK} Users' Guide},
  Author                   = {E. Anderson and Z. Bai and C. H. Bischof and S. Blackford and J. W. Demmel and J. J. Dongarra and Du Croz, J. J. and A. Greenbaum and S. J. Hammarling and A. McKenney and D. C. Sorensen},
  Publisher                = pub-SIAM,
  Year                     = {1999},

  Address                  = pub-SIAM:adr,
  Edition                  = {Third},

  Bibdate                  = {Thu Dec 2 11:57:03 GMT 1999},
  Created                  = {1999.12.02},
  Doi                      = {10.1137/1.9780898719604},
  ISBN                     = {0-89871-447-8},
  Pages                    = {xxvi+407},
  Updated                  = {1999.12.02}
}

@Article{starpu11,
  Title                    = {{StarPU}: A Unified Platform for Task Scheduling on Heterogeneous Multicore Architectures},
  Author                   = {C\'{e}dric Augonnet and Samuel Thibault and Raymond Namyst and Pierre-Andr\'{e} Wacrenier},
  Journal                  = {Concurrency and Computation: Practice and Experience},
  Year                     = {2011},

  Month                    = {February},
  Number                   = {2},
  Pages                    = {187--198},
  Volume                   = {23},

  Doi                      = {10.1002/cpe.1631},
  Owner                    = {srelton},
  Timestamp                = {2017.03.23}
}

